@ARTICLE {jeffdunn2012:1,
    author  = "Jeff Dunn",
    title   = "Of Fists and Fatalities: The history of fighting games",
    journal = "GamesRadar",
    year    = "2012",
    month   = "dec"
}
@ONLINE {atomic2017:2,
    author = "AtomiC",
    title  = "Super Smash Bros Melee. The Advanced Techniques #3 - Advanced",
    month  = "jun",
    year   = "2017",
    url    = "https://aminoapps.com/c/smash/page/blog/super-smash-bros-melee-the-advanced-techniques-3-advanced/RBfw_u6eVlb10lj8pqqaMb1RlLjjK7"
}
@BOOKLET {manual:3,
    title    = "Super Smash Bros. Melee Instruction booklet",
    year     = "2001",
    crossref = "atomic2017:2",
    note     = "Note how the controls are all covered from page 10 - 15, under \\"Basic Moves\\".  The official game manual won't let slip of the many advanced techniques found possible through the community of players!"
}
@ONLINE {reddit:4,
    title = "reddit",
    month = "dec",
    year  = "2017",
    url   = "https://www.reddit.com"
}
@ONLINE {twitch:5,
    title = "Twitch",
    month = "dec",
    year  = "2017",
    url   = "https://www.twitch.tv/"
}
@ONLINE {steam:6,
    title = "Steam: Rivals of Aether Site",
    month = "dec",
    year  = "2017",
    url   = "http://store.steampowered.com/app/383980/Rivals_of_Aether/"
}
@ONLINE {metacritic:7,
    title = "MetaCritic : Rivals of Aether",
    url   = "http://www.metacritic.com/game/pc/rivals-of-aether"
}
@ONLINE {eltonjones2017:8,
    author = "Elton Jones",
    title  = "The Upcoming Fighting Games of 2017",
    month  = "jan",
    year   = "2017",
    url    = "https://heavy.com/games/2017/01/top-new-best-fighting-games-2017-ps4-xbox-one-pc-nintendo-switch/"
}
@ONLINE {lucassullivan2014:9,
    author = "Lucas Sullivan",
    title  = "15 Smash Bros. rip-offs that couldn't outdo Nintendo",
    month  = "sep",
    year   = "2014",
    url    = "http://www.gamesradar.com/15-smash-bros-rip-offs-couldnt-outdo-nintendo/"
}
@ONLINE {thirdkoopa2016:10,
    author = "Thirdkoopa",
    title  = "Dan Fornace, From Hobbyist to Career",
    month  = "sep",
    year   = "2016",
    url    = "https://smashboards.com/threads/dan-fornace-from-hobbyist-to-career.441652/"
}
@ONLINE {fb:11,
    title = "facebook - Rivals of Aether",
    url   = "https://www.facebook.com/rivalsofaether"
}
@ONLINE {fbs:12,
    title = "facebook - Smash bros.",
    url   = "https://www.facebook.com/SmashBrosDE/?brand_redir=542352015851365"
}
@ONLINE {fbb:13,
    title = "facebook - Brawlhalla",
    url   = "https://www.facebook.com/Brawlhalla"
}
@ONLINE {esport:14,
    title = "e-sports earnings",
    year  = "2017",
    url   = "https://www.esportsearnings.com/"
}
@ONLINE {IGN:15,
    author = "Stefano Castelli",
    title  = "IGN Italy - RIVALS OF SMASH BROS",
    month  = "apr",
    year   = "2017",
    url    = "http://it.ign.com/rivals-of-aether-pc/123942/review/rivals-of-aether-la-recensione"
}
@ONLINE {nickvaldez2017:16,
    author = "Nick Valdez",
    title  = "Destructoid - Review: Rivals of Aether",
    month  = "apr",
    year   = "2017",
    url    = "https://www.destructoid.com/review-rivals-of-aether-429193.phtml"
}
@ONLINE {steambrawlhalla:17,
    title = "Steam - Brawlhalla",
    url   = "http://store.steampowered.com/app/291550/Brawlhalla/"
}
@ONLINE {crossover:18,
    title = "YouTube - Crossover",
    month = "jan",
    year  = "2018",
    url   = "https://www.youtube.com/watch?v=LOLu4NpEeWw"
}
@ONLINE {img:19,
    url = "https://i.kinja-img.com/gawker-media/image/upload/t_original/jz5gzbbtionbm62um5qh.png"
}
@ONLINE {img:20,
    url = "https://i.ytimg.com/vi/aDcTRI8Z-Vk/maxresdefault.jpg"
}
@ONLINE {img:21,
    url = "https://www.destructoid.com/ul/429193-/ss_2f3c2a1867b906f720fc43be56084c06e93b55c2.1920x1080-noscale.jpg"
}
@ONLINE {img:22,
    url = "http://www.rivalsofaether.com/blog/wp-content/uploads/2017/08/tempest-peak.png"
}
@ONLINE {img:23,
    url = "http://www.rivalsofaether.com/presskit/images/custom-colors.png"
}
@ONLINE {img:24,
    url = "http://shoryuken.com/wp-content/uploads/2016/09/Rivals-Championship-Series.jpg"
}